<record xmlns='http://www.loc.gov/MARC21/slim'><leader>01228cim a22003492u 4500</leader><controlfield tag='001'>3600907</controlfield><controlfield tag='005'>20151214182733.0</controlfield><controlfield tag='007'>ss|lmnjluz|nuu</controlfield><controlfield tag='008'>991101s1985    nyunnn         l    eng d</controlfield><datafield ind1=' ' ind2=' ' tag='035'><subfield code='a'>(NIC)notisASF7972</subfield></datafield><datafield ind1=' ' ind2=' ' tag='035'><subfield code='a'>3600907</subfield></datafield><datafield ind1=' ' ind2=' ' tag='035'><subfield code='a'>(OCoLC)63896791</subfield></datafield><datafield ind1=' ' ind2=' ' tag='040'><subfield code='a'>NIC</subfield><subfield code='c'>NIC</subfield><subfield code='d'>NIC</subfield><subfield code='d'>NIC</subfield></datafield><datafield ind1='1' ind2=' ' tag='100'><subfield code='a'>Wolff, Tobias,</subfield><subfield code='d'>1945- </subfield></datafield><datafield ind1='1' ind2='0' tag='245'><subfield code='a'>Tobias Wolff reads his own work. </subfield><subfield code='h'>[sound recording]</subfield></datafield><datafield ind1=' ' ind2=' ' tag='260'><subfield code='c'>1985.</subfield></datafield><datafield ind1=' ' ind2=' ' tag='300'><subfield code='a'>1 sound cassette (50 min.) :</subfield><subfield code='b'>analog, mono.</subfield></datafield><datafield ind1=' ' ind2=' ' tag='500'><subfield code='a'>Recorded in Ithaca, NY by Cornell University.</subfield></datafield><datafield ind1=' ' ind2=' ' tag='500'><subfield code='a'>Sponsored by: Creative Writing Program,National Endowment for the Arts.</subfield></datafield><datafield ind1=' ' ind2=' ' tag='518'><subfield code='a'>Reading, April 11, 1985.</subfield></datafield><datafield ind1=' ' ind2=' ' tag='520'><subfield code='a'>Wolff reads from his works &quot;Sister&quot; and &quot;The Rich Brother&quot;.</subfield></datafield><datafield ind1=' ' ind2=' ' tag='540'><subfield code='a'>No reproductions authorized.</subfield></datafield><datafield ind1='1' ind2='0' tag='600'><subfield code='a'>Wolff, Tobias,</subfield><subfield code='d'>1945- </subfield></datafield><datafield ind1=' ' ind2='0' tag='650'><subfield code='a'>Literature, Modern</subfield><subfield code='y'>20th century.</subfield></datafield><datafield ind1=' ' ind2='0' tag='650'><subfield code='a'>Fiction</subfield><subfield code='y'>20th century.</subfield></datafield><datafield ind1='1' ind2='7' tag='600'><subfield code='a'>Wolff, Tobias,</subfield><subfield code='d'>1945-</subfield><subfield code='2'>fast</subfield><subfield code='0'>(OCoLC)fst00067114</subfield></datafield><datafield ind1=' ' ind2='7' tag='648'><subfield code='a'>1900 - 1999</subfield><subfield code='2'>fast</subfield></datafield><datafield ind1=' ' ind2='7' tag='650'><subfield code='a'>Fiction</subfield><subfield code='2'>fast</subfield><subfield code='0'>(OCoLC)fst00923709</subfield></datafield><datafield ind1=' ' ind2='7' tag='650'><subfield code='a'>Literature, Modern</subfield><subfield code='2'>fast</subfield><subfield code='0'>(OCoLC)fst01000172</subfield></datafield><datafield ind1='1' ind2=' ' tag='899'><subfield code='a'>CULectures</subfield></datafield><datafield ind1=' ' ind2=' ' tag='905'><subfield code='a'>20000417120000.0</subfield></datafield><datafield ind1='2' ind2=' ' tag='948'><subfield code='a'>20141221</subfield><subfield code='b'>m</subfield><subfield code='d'>batch</subfield><subfield code='e'>lts</subfield><subfield code='x'>addfast</subfield></datafield></record>